@manual{1,
  author = {TU Dortmund},
  title = {Anleitung zum Versuch 103: Biegung elastischer St√§be},
  year = 2017
}

@online{2,
  title = {Wikibooks.org},
  note = {Eingesehen am 16.11.17},
  url = {https://de.wikibooks.org/wiki/Tabellensammlung_Chemie/_Dichte_fester_Stoffe},
}

@online{3,
  title = {Vergleichsspannung.de},
  note = {Eingesehen am 16.11.17},
  url = {http://vergleichsspannung.de/glossar/e-modul/},
}
