@manual{1,
  author = {TU Dortmund},
  title = {Anleitung zum Versuch 103: Biegung elastischer St√§be},
  year = 2014
}
